<record><leader>00000cas a22000007a 4500</leader><controlfield tag="001">1604956</controlfield><controlfield tag="008">750907d19uu1926mnuwr ne      0    0eng d</controlfield><datafield ind1=" " ind2=" " tag="010"><subfield code="a">sn 89064153 </subfield></datafield><datafield ind1=" " ind2=" " tag="040"><subfield code="a">MUL</subfield><subfield code="b">eng</subfield><subfield code="c">MUL</subfield><subfield code="d">MN#</subfield><subfield code="d">OCLCQ</subfield><subfield code="d">OCLCF</subfield><subfield code="d">OCLCO</subfield></datafield><datafield ind1=" " ind2=" " tag="042"><subfield code="a">msc</subfield></datafield><datafield ind1=" " ind2=" " tag="043"><subfield code="a">n-us-mn</subfield></datafield><datafield ind1=" " ind2=" " tag="052"><subfield code="a">4144</subfield><subfield code="b">O6</subfield></datafield><datafield ind1=" " ind2=" " tag="052"><subfield code="a">4143</subfield><subfield code="b">B5</subfield></datafield><datafield ind1="0" ind2=" " tag="130"><subfield code="a">Ortonville star (Ortonville, Minn. : 1921)</subfield></datafield><datafield ind1="1" ind2="4" tag="245"><subfield code="a">The Ortonville star.</subfield></datafield><datafield ind1=" " ind2=" " tag="260"><subfield code="a">Ortonville, Big Stone County, Minn. :</subfield><subfield code="b">Big Stone County Print. Co.,</subfield><subfield code="c">-1926.</subfield></datafield><datafield ind1=" " ind2=" " tag="300"><subfield code="a">v.</subfield></datafield><datafield ind1=" " ind2=" " tag="310"><subfield code="a">Weekly</subfield></datafield><datafield ind1="0" ind2=" " tag="362"><subfield code="a">-v. 7, no. 40 (Sept. 16, 1926).</subfield></datafield><datafield ind1=" " ind2=" " tag="515"><subfield code="a">&lt;Vol. 2, no. 52 (Dec. 22, 1921)&gt;-v. 3, no. 32 (Aug. 3, 1922) called also &lt;Whole no. 104&gt;-Whole no. 136.</subfield></datafield><datafield ind1=" " ind2=" " tag="515"><subfield code="a">Issues for Mar. 2, 1922-May 5, 1922 numbered vol. 4, but constitute vol. 3.</subfield></datafield><datafield ind1=" " ind2=" " tag="530"><subfield code="a">Available on microfilm from the Minnesota Historical Society.</subfield></datafield><datafield ind1=" " ind2=" " tag="588"><subfield code="a">Description based on: Vol. 2, no. 52 (Dec. 22, 1921).</subfield></datafield><datafield ind1=" " ind2="0" tag="651"><subfield code="a">Ortonville (Minn.)</subfield><subfield code="v">Newspapers.</subfield></datafield><datafield ind1=" " ind2="7" tag="655"><subfield code="a">Newspapers.</subfield><subfield code="2">fast</subfield><subfield code="0">(OCoLC)fst01423814</subfield></datafield><datafield ind1=" " ind2="7" tag="651"><subfield code="a">Minnesota</subfield><subfield code="z">Ortonville.</subfield><subfield code="2">fast</subfield><subfield code="0">(OCoLC)fst01227780</subfield></datafield><datafield ind1=" " ind2=" " tag="752"><subfield code="a">United States</subfield><subfield code="b">Minnesota</subfield><subfield code="c">Big Stone</subfield><subfield code="d">Ortonville.</subfield></datafield><datafield ind1="0" ind2="7" tag="785"><subfield code="t">Ortonville journal (Ortonville, Minn. : 1913)</subfield><subfield code="w">(DLC)sn 89064154</subfield></datafield><datafield ind1="0" ind2="7" tag="785"><subfield code="t">Journal-star (Ortonville, Minn.)</subfield><subfield code="w">(DLC)sn 89064152</subfield></datafield></record>